@inproceedings{apex-nauman-10,
  title={Apex: extending android permission model and enforcement with user-defined runtime constraints},
  author={Nauman, Mohammad and Khan, Sohail and Zhang, Xinwen},
  booktitle={Proceedings of the 5th ACM symposium on information, computer and communications security},
  pages={328--332},
  year={2010}
}

@article{lecun2015deep,
	title={Deep learning},
	author={LeCun, Yann and Bengio, Yoshua and Hinton, Geoffrey},
	journal={nature},
	volume={521},
	number={7553},
	pages={436--444},
	year={2015},
	publisher={Nature Publishing Group}
}

@article{RN124,
	author = {Nauman, Mohammad and Ur Rehman, Hafeez and Politano, Gianfranco and Benso, Alfredo},
	title = {Beyond Homology Transfer: Deep Learning for Automated Annotation of Proteins},
	journal = {Journal of Grid Computing},
	volume = {17},
	number = {2},
	pages = {225-237},
	ISSN = {1572-9184},
	DOI = {10.1007/s10723-018-9450-6},
	url = {https://doi.org/10.1007/s10723-018-9450-6
	https://link.springer.com/content/pdf/10.1007/s10723-018-9450-6.pdf},
	year = {2019},
	type = {Journal Article}
}